

@book{NaturalPhilosophy,
    author  = {Isaac Newton},
    title   = {The Mathematical Principles of Natural Philosophy},
    publisher = {eBooks @ Adelaide},
    url = {https://ebooks.adelaide.edu.au/n/newton/isaac/mathematical-principles-of-natural-philosophy/},
}

@book{sp330,
    editor  = {Taylor, Barry N. and Thompson, Ambler},
    title   = {The International System of Units ({SI})},
    publisher = {NIST Special Publication 330},
    year   = {2008},
    url = {http://www.nist.gov/pml/pubs/sp330/index.cfm},
}

@book{sp811,
    editor = {Thompson, Ambler Thompson and Taylor, Barry N.},
    title  = {Guide for the Use of the International System of Units ({SI})},
    publisher = {NIST Special Publication 811},
    year   = {2008},
    url = {http://www.nist.gov/pml/pubs/sp811/index.cfm},
}


